@book{bob,
  author    = {Bob Smith},
  title     = {The Book of Bob},
  publisher = {Bob's Publishing},
  address   = {Bamberg, Germany},
  year      = {2016}
}

@article{mechanics,
  author    = {Alica P. Hacker},
  title     = {On the importance of research},
  journal   = {Obscure Research},
  volume    = 42,
  issue     = 23,
  pages     = {10-20},
  year      = {2010}
}
