

@misc{batchnormweb,
	title = {batchnorm Chun},
	howpublished = {\url{http://sanghyukchun.github.io/88/}},
	note = {Accessed: 2019-02-16}
}

@article{saddleimage,
	title={A new method for P300 detection in deep belief networks: Nesterov momentum and drop based learning rate},
	author={Morabbi, Sajedeh and Keyvanpour, Mohammadreza and Shojaedini, Seyed Vahab},
	journal={Health and Technology},
	pages={1--16},
	year={2018},
	publisher={Springer}
}



@inproceedings{annpic,
	title={Performance Evaluation of Random Forests and Artificial Neural Networks for the Classification of Liver Disorder},
	author={Haque, Md Rezwanul and Islam, Md Milon and Iqbal, Hasib and Reza, Md Sumon and Hasan, Md Kamrul},
	booktitle={2018 International Conference on Computer, Communication, Chemical, Material and Electronic Engineering (IC4ME2)},
	pages={1--5},
	year={2018},
	organization={IEEE}
}




@article{pix2pix,
	title={Unpaired image-to-image translation using cycle-consistent adversarial networks},
	author={Zhu, Jun-Yan and Park, Taesung and Isola, Phillip and Efros, Alexei A},
	journal={arXiv preprint},
	year={2017}
}


@article{3d-conv,
	title={3D Convolution on RGB-D Point Clouds for Accurate Model-free Object Pose Estimation},
	author={Cai, Zhongang and Yu, Cunjun and Pham, Quang-Cuong},
	journal={arXiv preprint arXiv:1812.11284},
	year={2018}
}


@article{dropout,
	title={Dropout: a simple way to prevent neural networks form overfitting},
	author={Srivastava, Nitish and Hinton, Geoffrey and Krizhevsky, Alex and Sutskever, Ilya and Salakhutdinov, Ruslan},
	journal={The Journal of Machine Learning Research},
	volume={15},
	number={1},
	pages={1929--1958},
	year={2014},
	publisher={JMLR. org}
}

@article{dimreduction,
	title={Reducing the dimensionality of data with neural networks},
	author={Hinton, Geoffrey E and Salakhutdinov, Ruslan R},
	journal={science},
	volume={313},
	number={5786},
	pages={504--507},
	year={2006},
	publisher={American Association for the Advancement of Science}
}
@article{invariant,
	title={Deep learning with sets and point clouds},
	author={Ravanbakhsh, Siamak and Schneider, Jeff and Poczos, Barnabas},
	journal={arXiv preprint arXiv:1611.04500},
	year={2016}
}

@article{imagere2,
	title={Image inpainting for irregular holes using partial convolutions},
	author={Liu, Guilin and Reda, Fitsum A and Shih, Kevin J and Wang, Ting-Chun and Tao, Andrew and Catanzaro, Bryan},
	journal={arXiv preprint arXiv:1804.07723},
	year={2018}
}
@article{imagere1,
	title={Image super-resolution using deep convolutional networks},
	author={Dong, Chao and Loy, Chen Change and He, Kaiming and Tang, Xiaoou},
	journal={IEEE transactions on pattern analysis and machine intelligence},
	volume={38},
	number={2},
	pages={295--307},
	year={2016},
	publisher={IEEE}
}

@article{3dprob,
	title={Deep learning advances on different 3D data representations: A survey},
	author={Ahmed, Eman and Saint, Alexandre and Shabayek, Abd El Rahman and Cherenkova, Kseniya and Das, Rig and Gusev, Gleb and Aouada, Djamila and Ottersten, Bjorn},
	journal={arXiv preprint arXiv:1808.01462},
	year={2018}
}
@article{imagerecon,
	title={Image super-resolution using deep convolutional networks},
	author={Dong, Chao and Loy, Chen Change and He, Kaiming and Tang, Xiaoou},
	booktitle={IEEE transactions on pattern analysis and macine intelligence},
	volume={38},
	number={2},
	pages={295--307},
	year={2016},
	organization={IEEE}
}
@inproceedings{autoencoderloss,
	title={A point set generation network for 3d object reconstruction from a single image},
	author={Fan, Haoqiang and Su, Hao and Guibas, Leonidas},
	booktitle={2017 IEEE Cosnference on Computer Vision and Pattern Recognition (CVPR)},
	pages={2463--2471},
	year={2017},
	organization={IEEE}
}

@article{3dgan,
	title={Learning Representations and Generative Models for 3D Point Clouds},
	author={Achlioptas, Panos and Diamanti, Olga and Mitliagkas, Ioannis and Guibas, Leonidas},
	year={2018}
}

@article{3d_recon,
	title={Large-scale 3d shape reconstruction and segmentation from shapenet core55},
	author={Yi, Li and Shao, Lin and Savva, Manolis and Huang, Haibin and Zhou, Yang and Wang, Qirui and Graham, Benjamin and Engelcke, Martin and Klokov, Roman and Lempitsky, Victor and others},
	journal={arXiv preprint arXiv:1710.06104},
	year={2017}
}


@inproceedings{momentum,
	title={On the importance of initialization and momentum in deep learning},
	author={Sutskever, Ilya and Martens, James and Dahl, George and Hinton, Geoffrey},
	booktitle={International conference on machine learning},
	pages={1139--1147},
	year={2013}
}


@article{imagetoimage,
	title={Image-to-image translation with conditional adversarial networks},
	author={Isola, Phillip and Zhu, Jun-Yan and Zhou, Tinghui and Efros, Alexei A},
	journal={arXiv preprint},
	year={2017}
}
@inproceedings{3d,
	title={Learning a probabilistic latent space of object shapes via 3d generative-adversarial modeling},
	author={Wu, Jiajun and Zhang, Chengkai and Xue, Tianfan and Freeman, Bill and Tenenbaum, Josh},
	booktitle={Advances in Neural Information Processing Systems},
	pages={82--90},
	year={2016}
}

@article{progre,
	title={Progressive growing of gans for improved quality, stability, and variation},
	author={Karras, Tero and Aila, Timo and Laine, Samuli and Lehtinen, Jaakko},
	journal={arXiv preprint arXiv:1710.10196},
	year={2017}
}


@article{batchnorm,
	title={Batch normalization: Accelerating deep network training by reducing internal covariate shift},
	author={Ioffe, Sergey and Szegedy, Christian},
	journal={arXiv preprint arXiv:1502.03167},
	year={2015}
}
@article{cgan,
	title={Conditional generative adversarial nets},
	author={Mirza, Mehdi and Osindero, Simon},
	journal={arXiv preprint arXiv:1411.1784},
	year={2014}
}

@article{universal,
	title={Approximation capabilities of multilayer feedforward networks},
	author={Hornik, Kurt},
	journal={Neural networks},
	volume={4},
	number={2},
	pages={251--257},
	year={1991},
	publisher={Elsevier}
}

@article{hypothesenraum,
	title={Understanding deep learning requires rethinking generalization},
	author={Zhang, Chiyuan and Bengio, Samy and Hardt, Moritz and Recht, Benjamin and Vinyals, Oriol},
	journal={arXiv preprint arXiv:1611.03530},
	year={2016}
}

@inproceedings{bottleneck,
	title={Deep learning and the information bottleneck principle},
	author={Tishby, Naftali and Zaslavsky, Noga},
	booktitle={Information Theory Workshop (ITW), 2015 IEEE},
	pages={1--5},
	year={2015},
	organization={IEEE}
}


@article{infoth,
	title={Opening the black box of deep neural networks via information},
	author={Shwartz-Ziv, Ravid and Tishby, Naftali},
	journal={arXiv preprint arXiv:1703.00810},
	year={2017}
}

@inproceedings{crossentropy,
	title={Cross-entropy vs. squared error training: a theoretical and experimental comparison.},
	author={Golik, Pavel and Doetsch, Patrick and Ney, Hermann},
	booktitle={Interspeech},
	volume={13},
	pages={1756--1760},
	year={2013}
}



@article{backpro,
	title={Learning representations by back-propagating errors},
	author={Rumelhart, David E and Hinton, Geoffrey E and Williams, Ronald J},
	journal={nature},
	volume={323},
	number={6088},
	pages={533},
	year={1986},
	publisher={Nature Publishing Group}
}


@inproceedings{goodfellow2014,
	title={Generative adversarial nets},
	author={Goodfellow, Ian and Pouget-Abadie, Jean and Mirza, Mehdi and Xu, Bing and Warde-Farley, David and Ozair, Sherjil and Courville, Aaron and Bengio, Yoshua},
	booktitle={Advances in neural information processing systems},
	pages={2672--2680},
	year={2014}
}
@article{dcgan,
	title={Unsupervised representation learning with deep convolutional generative adversarial networks},
	author={Radford, Alec and Metz, Luke and Chintala, Soumith},
	journal={arXiv preprint arXiv:1511.06434},
	year={2015}
}
@article{data,
	title={The unreasonable effectiveness of data},
	author={Halevy, Alon and Norvig, Peter and Pereira, Fernando},
	journal={IEEE Intelligent Systems},
	volume={24},
	number={2},
	pages={8--12},
	year={2009},
	publisher={IEEE}
}

@book{Grundlagen,
	title={Deep learning},
	author={Goodfellow, Ian and Bengio, Yoshua and Courville, Aaron and Bengio, Yoshua},
	volume={1},
	year={2016},
	publisher={MIT press Cambridge}
}
@inproceedings{GANPerf,
	title={Improved techniques for training gans},
	author={Salimans, Tim and Goodfellow, Ian and Zaremba, Wojciech and Cheung, Vicki and Radford, Alec and Chen, Xi},
	booktitle={Advances in Neural Information Processing Systems},
	pages={2234--2242},
	year={2016}
}
@article{generativprob,
	title={Towards principled methods for training generative adversarial networks},
	author={Arjovsky, Martin and Bottou, L{\'e}on},
	journal={arXiv preprint arXiv:1701.04862},
	year={2017}
}

}
@inproceedings{discrim,
	title={On discriminative vs. generative classifiers: A comparison of logistic regression and naive bayes},
	author={Ng, Andrew Y and Jordan, Michael I},
	booktitle={Advances in neural information processing systems},
	pages={841--848},
	year={2002}
}
@article{wasserstein,
	title={Wasserstein gan},
	author={Arjovsky, Martin and Chintala, Soumith and Bottou, L{\'e}on},
	journal={arXiv preprint arXiv:1701.07875},
	year={2017}
}
@misc{
	metrics,
	title={An empirical study on evaluation metrics of generative adversarial networks},
	author={Gao Huang and Yang Yuan and Qiantong Xu and Chuan Guo and Yu Sun and Felix Wu and Kilian Weinberger},
	year={2018},
	url={https://openreview.net/forum?id=Sy1f0e-R-},
}
@inproceedings{improvingan,
	title={Improved techniques for training gans},
	author={Salimans, Tim and Goodfellow, Ian and Zaremba, Wojciech and Cheung, Vicki and Radford, Alec and Chen, Xi},
	booktitle={Advances in Neural Information Processing Systems},
	pages={2234--2242},
	year={2016}
}
@article{ende,
	title={High-Resolution Image Synthesis and Semantic Manipulation with Conditional GANs},
	author={Wang, Ting-Chun and Liu, Ming-Yu and Zhu, Jun-Yan and Tao, Andrew and Kautz, Jan and Catanzaro, Bryan},
	journal={arXiv preprint arXiv:1711.11585},
	year={2017}
}
@article{texttoimage,
	title={Generative adversarial text to image synthesis},
	author={Reed, Scott and Akata, Zeynep and Yan, Xinchen and Logeswaran, Lajanugen and Schiele, Bernt and Lee, Honglak},
	journal={arXiv preprint arXiv:1605.05396},
	year={2016}
}
@inproceedings{3dgan_new,
	title={Learning a probabilistic latent space of object shapes via 3d generative-adversarial modeling},
	author={Wu, Jiajun and Zhang, Chengkai and Xue, Tianfan and Freeman, Bill and Tenenbaum, Josh},
	booktitle={Advances in Neural Information Processing Systems},
	pages={82--90},
	year={2016}
}

@article{reinforcment,
	title={Robust adversarial reinforcement learning},
	author={Pinto, Lerrel and Davidson, James and Sukthankar, Rahul and Gupta, Abhinav},
	journal={arXiv preprint arXiv:1703.02702},
	year={2017}
}
@article{conv,
	title={A guide to convolution arithmetic for deep learning},
	author={Dumoulin, Vincent and Visin, Francesco},
	journal={arXiv preprint arXiv:1603.07285},
	year={2016}
}
@article{sha,
	title={How (not) to train your generative model: Scheduled sampling, likelihood, adversary?},
	author={Husz{\'a}r, Ferenc},
	journal={arXiv preprint arXiv:1511.05101},
	year={2015}
}